<?xml version="1.0" encoding="UTF-8"?><collection xmlns="http://www.loc.gov/MARC21/slim"><record><leader>00330nam--2200109-i-4500</leader><controlfield tag="001">000028038</controlfield><controlfield tag="002">20161230</controlfield><controlfield tag="005">20161230201037</controlfield><controlfield tag="008">060222s1000------------r-----000-0-eng-d</controlfield><datafield ind1=" " ind2=" " tag="245"><subfield code="a">Legislatie generala pt.uzul institutiilor de invatamint, cultura si arta. (culegere)</subfield></datafield><datafield ind1=" " ind2=" " tag="260"><subfield code="a">Bucuresti, Ed.Didact.Si Pedag., 1964, 593p</subfield></datafield><datafield ind1=" " ind2=" " tag="852"><subfield code="a">9669</subfield></datafield></record></collection>